
@STRING{jan  = {January}}
@STRING{feb  = {February}}
@STRING{mar  = {March}}
@STRING{apr  = {April}}
@STRING{may  = {May}}
@STRING{jun  = {June}}
@STRING{jul  = {July}}
@STRING{aug  = {August}}
@STRING{sep  = {September}}
@STRING{oct = {October}}
@STRING{nov = {November}}
@STRING{dec = {December}}



@string{jmlr      = {Journal of Machine Learning Research}}
@string{nips      = {Advances in Neural Information Processing Systems}}
@string{iccv      = {Proceedings of the IEEE International Conference on Computer Vision}}
@string{eccv      = {Proceedings of the European Conference on Computer Vision}}
@string{accv      = {Proceedings of the Asian Conference on Computer Vision}}
@string{iccv      = {Proceedings of the International Conference on Computer Vision}}
@string{cvpr      = {Proceedings of the IEEE Conference on Computer Vision and Pattern Recognition}}}
@string{icdm      = {Proceedings of the IEEE International Conference on Data Mining}}
@string{vldb      = {Proceedings of the International Conference on Very Large DataBases}}
@string{focs      = {Proceedings of the Symposium on the Foundations of Computer Science}}
@string{bmvc      = {Proceedings of the British Machine Vision Conference}}
@string{civr      = {Proceedings of the International Conference on Image and Video Retrieval}}
@string{sigmod    = {Proceedings of the ACM SIGMOD International Conference on Management of Data}}
@string{acmmm     = {ACM International conference on Multimedia}}
@string{visapp    = {Proceedings of the International Conference on Computer Vision Theory and Applications}}
@string{www       = {WWW: Proceeding of the International Conference on World Wide Web}},
@string{mir       = {Proceedings of the ACM International Workshop on Multimedia Information Retrieval}}
@string{icassp    = {International Conference on Acoustics, Speech, and Signal Processing}}
@string{stoc      = {Proceedings of the ACM symposium on Theory of computing}}
@string{aaai      = {Proceedings of the Conference on Artificial Intelligence}}


@string{comacm    = {Communications of the ACM}}
@string{journalacm = {Journal of the ACM}}
@string{ijcv      = {International journal of Computer Vision}}
@STRING{ieeetpami = {{\sc IEEE} Transactions on Pattern Analysis and Machine Intelligence}}
@STRING{ieeesp    = {{\sc IEEE} Transactions on Signal Processing}}
@STRING{ieeetip   = {{\sc IEEE} Transactions on Image Processing}}
@STRING{ieeeassp  = {{\sc IEEE} Transactions on Acoustics, Speech and Signal Processing}}
@STRING{ieeetcsvt = {{\sc IEEE} Transactions on Circuits and Systems for Video Technology}}
@STRING{ieeetsmc  = {{\sc IEEE} Transactions on Systems, Man, and Cybernetics}}
@string{ieeetmm   = {IEEE Trans. on Multimedia}}
@string{dbth      = {Proceedings of the International Conference on Database Theory}}
@string{ieeetit   = {{\sc IEEE} Transactions on Information Theory}}
@string{acmtalg   = {{\sc ACM} Transactions on Algorithms (TALG)}}
@string{procieee  = {Proceedings of the {IEEE}}}
@string{mta       = {Multimedia tools and applications}}
@string{pr        = {Pattern recognition}}
@string{prl       = {Pattern recognition letters}}
@string{cviu      = {Computer Vision and Image Understanding}}
@string{wacv      = {Winter Conference on Applications of Computer Vision}}
@string{aisec      = {ACM Workshop on Artificial Intelligence and Security}}

@string{aistats     = {AISTATS}}
@string{nips     = {NeurIPS}}
@string{nipsw     = {NeurIPS Workshop}}
@string{iccv     = {ICCV}}
@string{cvpr     = {CVPR}}
@string{cvprw     = {CVPR Workshop}}
@string{bmvc     = {BMVC}}
@string{civr     = {CIVR}}
@string{visapp   = {VISAPP}}
@string{acmmm    = {ACM Multimedia}}
@string{eccv     = {ECCV}}
@string{www      = {WWW}}
@string{sigraph  = {SIGGRAPH}}
@string{icml     = {ICML}}
@string{icmlw     = {ICML Workshop}}
@string{ecml     = {ECML}}
@string{mir      = {MIR}}
@string{icassp   = {ICASSP}}
@string{icip     = {ICIP}}
@string{cviu     = {CVIU}}
@string{ijcv     = {IJCV}}
@string{pcs      = {PCS}}
@string{icpr     = {ICPR}}
@string{icmr     = {ICMR}}
@string{interact = {INTERACT}}
@string{stoc     = {STOC}}
@string{sigir    = {SIGIR}}
@string{cikm     = {CIKM}}
@string{sigmod   = {SIGMOD}}
@string{aaai     = {AAAI}}
@string{cvdb     = {CVDB}}
@string{pods     = {PODS}}
@string{asilomar = {ASILOMAR}}
@string{vldb     = {VLDB}}
@string{iclr     = {ICLR}}
@string{iros     = {IROS}}
@string{iclrw     = {ICLR Workshop}}
@string{wacv      = {WACV}}
@string{arxiv   = {arXiv}}
@string{icann   = {ICANN}}
@string{aisec   = {AISec Workshop}}
@string{threedv   = {3DV}}
@string{corr   = {CoRR}}

@STRING{ieeetpami  = {IEEE Trans. PAMI}}
@STRING{ieeetit    = {IEEE Trans. Inform. Theory}}
@STRING{ieeetbd    = {IEEE Trans. Big Data}}

@article{Longuet1981,
  title={A computer algorithm for reconstructing a scene from two projections},
  author={Longuet-Higgins, Hugh Christopher},
  journal={Nature},
  volume={293},
  number={5828},
  pages={133--135},
  year={1981},
  publisher={Nature Publishing Group}
}

@article{Fischler1981,
IDS = {ransac, RANSAC},
author = {Fischler, Martin A. and Bolles, Robert C.},
title = {Random Sample Consensus: A Paradigm for Model Fitting with Applications to Image Analysis and Automated Cartography},
year = {1981},
issue_date = {June 1981},
publisher = {Association for Computing Machinery},
address = {New York, NY, USA},
volume = {24},
number = {6},
issn = {0001-0782},
journal = {Commun. ACM},
month = jun,
pages = {381â€“395},
numpages = {15},
keywords = {scene analysis, automated cartography, image matching, camera calibration, model fitting, location determination}
}

@ARTICLE{Okutomi1993,
author={Okutomi, M. and Kanade, T.},
journal={IEEE Transactions on Pattern Analysis and Machine Intelligence}, 
title={A Multiple-baseline Stereo}, 
year={1993},
volume={15},
number={4},
pages={353-363}
}

@inproceedings{Curless1996,
author = {Curless, Brian and Levoy, Marc},
booktitle = {SIGGRAPH},
pages = {303-312},
publisher = {ACM},
title = {A Volumetric Method for Building Complex Models from Range Images},
year = 1996
}



@inproceedings{Roy1998,
title={A Maximum-flow Formulation of the N-camera Stereo Correspondence Problem},
author={Roy, Sebastien and Cox, Ingemar J},
booktitle=iccv,
year={1998}
}

@article{Seitz1999,
title={Photorealistic Scene Reconstruction by Voxel Coloring},
author={Seitz, Steven M and Dyer, Charles R},
journal={International Journal of Computer Vision},
volume={35},
number={2},
year={1999}
}

@article{Kutulakos2000,
title={A Theory of Shape by Space Carving},
author={Kutulakos, Kiriakos N and Seitz, Steven M},
journal={International journal of computer vision},
volume={38},
number={3},
year={2000}
}

@inproceedings{Kolmogorov2002,
title={Multi-camera Scene Reconstruction via Graph Cuts},
author={Kolmogorov, Vladimir and Zabih, Ramin},
booktitle=eccv,
year={2002}
}

@Book{Hartley2004,
    author = "Hartley, R.~I. and Zisserman, A.",
    title = "Multiple View Geometry in Computer Vision",
    edition = "Second",
    year = "2004",
    publisher = "Cambridge University Press, ISBN: 0521540518"
} 

@inproceedings{Seitz2006,
  title = {A Comparison and Evaluation of Multi-View Stereo Reconstruction Algorithms},
  author = {Seitz, Steven M. and Curless, Brian and Diebel, James and Scharstein, Daniel and Szeliski, Richard},
  booktitle = cvpr,
  year = 2006
}

@inproceedings{Kazhdan2006,
title={Poisson Surface Reconstruction},
author={Kazhdan, Michael and Bolitho, Matthew and Hoppe, Hugues},
booktitle={Proceedings of the fourth Eurographics symposium on Geometry processing},
volume={7},
year={2006}
}


@inproceedings{Strecha2008,
author = {Strecha, C. and {Von Hansen}, W. and {Van Gool}, L. and Fua, P. and Thoennessen, U.},
booktitle = cvpr,
title = {On Benchmarking Camera Calibration and Multi-View Stereo for High Resolution Imagery},
year = {2008}
}

@inproceedings{Newcombe2011a,
title = {KinectFusion: Real-time Dense Surface Mapping and Tracking},
author = {Newcombe, Richard A. and Izadi, Shahram and Hilliges, Otmar and Molyneaux, David and Kim, David and Davison, Andrew J. and Kohli, Pushmeet and Shotton, Jamie and Hodges, Steve and Fitzgibbon, Andrew W.},
booktitle = {ISMAR},
year = 2011
}

@inproceedings{Newcombe2011b,
title = {DTAM: Dense Tracking and Mapping in Real-time.},
author = {Newcombe, Richard A. and Lovegrove, Steven and Davison, Andrew J.},
booktitle = iccv,
year = 2011
}

@inproceedings{Krizhevsky2012,
  title={ImageNet Classification with Deep Convolutional Neural Networks},
  author={Krizhevsky, Alex and Sutskever, Ilya and Hinton, Geoffrey E},
  booktitle=NIPS,
  year={2012}
}

@ARTICLE{Geiger2013,
  author = {Andreas Geiger and Philip Lenz and Christoph Stiller and Raquel Urtasun},
  title = {Vision meets Robotics: The {KITTI} Dataset},
  journal = {International Journal of Robotics Research},
  year = {2013}
} % first KITTI paper (are we ready for autonomous paper?) came out at cvpr 2012 which was in june

@InProceedings{Sturm2012,
	author = {J. Sturm and N. Engelhard and F. Endres and W. Burgard and D. Cremers},
	title = "A Benchmark for the Evaluation of RGB-D SLAM Systems",
	booktitle = iros,
	year = "2012",
	month= oct,
}

@inproceedings{Butler2012,
title = {A naturalistic open source movie for optical flow evaluation},
author = {Butler, D. J. and Wulff, J. and Stanley, G. B. and Black, M. J.},
booktitle = eccv,
month = oct,
year = {2012}
}

@inproceedings{Silberman2012,
  author    = {Nathan Silberman, Derek Hoiem, Pushmeet Kohli and Rob Fergus},
  title     = {Indoor Segmentation and Support Inference from RGBD Images},
  booktitle = eccv,
  month = oct,
  year      = {2012}
}

@InProceedings{Xiao2013,
author = {Xiao, Jianxiong and Owens, Andrew and Torralba, Antonio},
title = {SUN3D: A Database of Big Spaces Reconstructed Using SfM and Object Labels},
booktitle = iccv,
month = dec,
year = {2013}
}  % December

@inproceedings{Jensen2014,
  title={Large scale multi-view stereopsis evaluation},
  author={Jensen, Rasmus and Dahl, Anders and Vogiatzis, George and Tola, Engil and Aan{\ae}s, Henrik},
  booktitle=cvpr,
  year={2014},
}

@inproceedings{Eigen2014,
title = {{Depth map prediction from a single image using a multi-scale deep network}},
author = {Eigen, David and Puhrsch, Christian and Fergus, Rob},
booktitle = nips,
month = jan,
year = {2014}
}

@article{Furukawa2015,
author = {Furukawa, Yasutaka and Hern\'{a}ndez, Carlos},
title = {Multi-View Stereo: A Tutorial},
year = {2015},
issue_date = {6 2015},
publisher = {Now Publishers Inc.},
address = {Hanover, MA, USA},
volume = {9},
number = {1â€“2},
issn = {1572-2740},
journal = {Found. Trends. Comput. Graph. Vis.},
month = jun,
pages = {1â€“148},
numpages = {148},
}  % june

@inproceedings{Liu2015,
author = {Liu, Fayao and Shen, Chunhua and Lin, Guosheng},
booktitle = cvpr,
title = {{Deep convolutional neural fields for depth estimation from a single image}},
year = {2015}
}


@inproceedings{Li2015,
author = {Li, Bo and Shen, Chunhua and Dai, Yuchao and {Van Den Hengel}, Anton and He, Mingyi},
booktitle = cvpr,
title = {{Depth and surface normal estimation from monocular images using regression on deep features and hierarchical CRFs}},
year = {2015}
}

@article{Eigen2015,
author = {Eigen, David and Fergus, Rob},
journal = cvpr,
title = {{Predicting depth, surface normals and semantic labels with a common multi-scale convolutional architecture}},
year = {2015}
}

@inproceedings{Han2015,
  Author = {Han, Xufeng and Leung, Thomas and Jia, Yangqing and Sukthankar, Rahul and Berg, Alexander. C.},
  Booktitle = cvpr,
  Title = {MatchNet: Unifying Feature and Metric Learning for Patch-Based Matching},
  Year = {2015}
} 

@InProceedings{Mayer2016,
  author       = "Nikolaus Mayer and Eddy Ilg and Philip H{\"a}usser and Philipp Fischer and Daniel Cremers and Alexey Dosovitskiy and Thomas Brox",
  title        = "A Large Dataset to Train Convolutional Networks for Disparity, Optical Flow, and Scene Flow Estimation",
  booktitle    = cvpr,
  month        = jun,
  year         = "2016",
}  % June

@InProceedings{Luo2016,
author = {Luo, Wenjie and Schwing, Alexander G. and Urtasun, Raquel},
title = {Efficient Deep Learning for Stereo Matching},
booktitle = cvpr,
month = jun,
year = {2016}
} 

@article{Aanaes2016,
  title={Large-Scale Data for Multiple-View Stereopsis},
  author={Aan{\ae}s, Henrik and Jensen, Rasmus Ramsb{\o}l and Vogiatzis, George and Tola, Engin and Dahl, Anders Bjorholm},
  journal={International Journal of Computer Vision},
  year={2016},
  publisher={Springer}
}

@article{Zbontar2016,
  title={Stereo matching by training a convolutional neural network to compare image patches},
  author={Zbontar, Jure and LeCun, Yann},
  journal={Journal of Machine Learning Research},
  volume={17},
  year={2016}
}

@inproceedings{Garg2016,
title={Unsupervised CNN for single view depth estimation: Geometry to the rescue},
author={Garg, Ravi and Kumar, BG Vijay and Carneiro, Gustavo and Reid, Ian},
booktitle=eccv,
year={2016},
month=oct,
}  % October

@inproceedings{Laina2016,
author = {Laina, Iro and Rupprecht, Christian and Belagiannis, Vasileios and Tombari, Federico and Navab, Nassir},
journal = threedv,
title = {{Deeper depth prediction with fully convolutional residual networks}},
year = {2016},
month=oct,
}  % October

@inproceedings{Wang2016,
    AUTHOR     = {John Wang and Edwin Olson},
    TITLE      = {{AprilTag} 2: Efficient and robust fiducial detection},
    BOOKTITLE  = iros,
    YEAR       = {2016},
    MONTH      = oct,
}

@inproceedings{Schoenberger2016MVS,
    author={Sch\"{o}nberger, Johannes Lutz and Zheng, Enliang and Pollefeys, Marc and Frahm, Jan-Michael},
    title={{Pixelwise View Selection for Unstructured Multi-View Stereo}},
    booktitle=eccv,
    year={2016}
}

@inproceedings{Schoenberger2016SfM,
    author={Sch\"{o}nberger, Johannes Lutz and Frahm, Jan-Michael},
    title={{Structure-from-Motion Revisited}},
    booktitle=cvpr,
    year={2016}
}

@inproceedings{Chen2016,
author = {Chen, Weifeng and Fu, Zhao and Yang, Dawei and Deng, Jia},
booktitle = nips,
title = {{Single-image depth perception in the wild}},
year = {2016},
month = dec
}  % December

@article{Vijayanarasimhan2017,
author = {Vijayanarasimhan, Sudheendra and Ricco, Susanna and Schmid, Cordelia and Sukthankar, Rahul and Fragkiadaki, Katerina},
title = {{SfM-Net: Learning of Structure and Motion from Video}},
year = {2017}
}  % Appeared in April on arXiv

@inproceedings{Zhou2017,
author = {Zhou, Tinghui and Brown, Matthew and Snavely, Noah and Lowe, David G.},
booktitle = cvpr,
title = {{Unsupervised learning of depth and ego-motion from video}},
year = {2017},
month = jul
}  % July

@article{Knapitsch2017,
    author    = {Arno Knapitsch and Jaesik Park and Qian-Yi Zhou and Vladlen Koltun},
    title     = {{Tanks and Temples}: Benchmarking Large-Scale Scene Reconstruction},
    journal   = {ACM Transactions on Graphics},
    volume    = {36},
    number    = {4},
    year      = {2017},
}  % July

@inproceedings{Seki2017,
  title={Sgm-nets: Semi-global matching with neural networks},
  author={Seki, Akihito and Pollefeys, Marc},
  booktitle=cvpr,
  year={2017}
}

@inproceedings{Hartmann2017,
  title={Learned multi-patch similarity},
  author={Hartmann, Wilfried and Galliani, Silvano and Havlena, Michal and Van Gool, Luc and Schindler, Konrad},
  booktitle=cvpr,
  year={2017}
}

@inproceedings{Dai2017,
    title={{ScanNet}: Richly-annotated 3D Reconstructions of Indoor Scenes},
    author={Dai, Angela and Chang, Angel X. and Savva, Manolis and Halber, Maciej and Funkhouser, Thomas and Nie{\ss}ner, Matthias},
    booktitle = cvpr,
    month = jul,
    year = {2017}
}  % July

@article{Godard2017,
author = {Godard, Cl{\'{e}}ment and {Mac Aodha}, Oisin and Brostow, Gabriel J.},
journal = cvpr,
title = {{Unsupervised monocular depth estimation with left-right consistency}},
month = jul,
year = {2017}
}  % July

@inproceedings{Kuznietsov2017,
author = {Kuznietsov, Yevhen and St{\"{u}}ckler, J{\"{o}}rg and Leibe, Bastian},
booktitle = cvpr,
title = {{Semi-supervised deep learning for monocular depth map prediction}},
year = {2017},
month = jul
}  % July

@inproceedings{Schoeps2017,
  title = {A Multi-View Stereo Benchmark with High-Resolution Images and Multi-Camera Videos},
  author = {Sch{\"o}ps, Thomas and Sch{\"o}nberger, Johannes L. and Galliani, Silvano and Sattler, Torsten and Schindler, Konrad and Pollefeys, Marc and Geiger, Andreas},
  booktitle = cvpr,
  month = jul,
  year = {2017},
}   % July

@article{Facil2017,
author = {Facil, Jose M. and Concha, Alejo and Montesano, Luis and Civera, Javier},
journal = {IEEE Robotics and Automation Letters},
title = {{Single-View and Multiview Depth Fusion}},
year = {2017}
}  % October

@INPROCEEDINGS{Uhrig2017,
  author = {Jonas Uhrig and Nick Schneider and Lukas Schneider and Uwe Franke and Thomas Brox and Andreas Geiger},
  title = {Sparsity Invariant {CNNs}},
  booktitle = threedv,
  month = oct,
  year = {2017}
} % October

@inProceedings{Li2018,
  title={MegaDepth: Learning Single-View Depth Prediction from Internet Photos},
  author={Zhengqi Li and Noah Snavely},
  booktitle=cvpr,
  year={2018},
  month = jun
}  % June

@article{Fu2018,
author = {Fu, Huan and Gong, Mingming and Wang, Chaohui and Batmanghelich, Kayhan and Tao, Dacheng},
journal = cvpr,
title = {{Deep Ordinal Regression Network for Monocular Depth Estimation}},
year = {2018},
month = jun
}  % June

@inproceedings{Ilg2018,
  author       = "Eddy Ilg and {\"O}zg{\"un} {\c{C}}i{\c{c}}ek and Silvio Galesso and Aaron Klein and Osama Makansi and F. Hutter and T. Brox",
  title        = "Uncertainty Estimates and Multi-Hypotheses Networks for Optical Flow",
  booktitle    = eccv,
year = {2018},
}


@inproceedings{Tang2018,
title={{BA-Net}: Dense Bundle Adjustment Networks},
author={Chengzhou Tang and Ping Tan},
booktitle=iclr,
month=may,
year={2019},
}  % May

@article{Li2019,
author = {Li, Zhengqi and Dekel, Tali and Cole, Forrester and Tucker, Richard and Snavely, Noah and Liu, Ce and Freeman, William T.},
journal = cvpr,
title = {{Learning the Depths of Moving People by Watching Frozen People}},
month=june,
year = {2019}
}

@inproceedings{Liu2019,
  title={Neural {RGB-D} Sensing: Depth and Uncertainty from a Video Camera},
  author={Liu, Chao and Gu, Jinwei and Kim, Kihwan and Narasimhan, Srinivasa and Kautz, Jan},
  booktitle=cvpr,
  year={2019}
}

@article{Godard2019,
author = {Godard, Clement and Aodha, Oisin Mac and Firman, Michael and Brostow, Gabriel},
journal = cvpr,
title = {{Digging into self-supervised monocular depth estimation}},
year = {2019},
month=oct
}

@article{Ranftl2019,
author = {Ranftl, Ren{\'{e}} and Lasinger, Katrin and Hafner, David and Schindler, Konrad and Koltun, Vladlen},
title = {{Towards Robust Monocular Depth Estimation: Mixing Datasets for Zero-shot Cross-dataset Transfer}},
year = {2019}
}

@InProceedings{Tatarchenko2019,
  author       = "M. Tatarchenko and S. R. Richter and R. Ranftl and Z. Li and V. Koltun and T. Brox",
  title        = "What Do Single-view 3D Reconstruction Networks Learn?",
  booktitle    = cvpr,
  year         = "2019",
}

@article{VanDijk2019,
author = {{Van DIjk}, Tom and {De Croon}, Guido},
journal = cvpr,
title = {{How do neural networks see depth in single images?}},
month=oct,
year = {2019}
}

@InProceedings{Ummenhofer2016,
  author       = "Benjamin Ummenhofer and Huizhong Zhou and Jonas Uhrig and Nikolaus Mayer and Eddy Ilg and Alexey Dosovitskiy and Thomas Brox",
  title        = "{DeMoN}: Depth and Motion Network for Learning Monocular Stereo",
  booktitle    = cvpr,
  year         = "2017",
}

@inproceedings{Huang2018,
  author       = "Huang, Po-Han and Matzen, Kevin and Kopf, Johannes and Ahuja, Narendra and Huang, Jia-Bin",
  title        = "{DeepMVS}: Learning Multi-View Stereopsis",
  booktitle    = cvpr,
  month = jun,
  year         = "2018"
}  % June

@InProceedings{Zhou2018,
  author       = "Huizhong Zhou and Benjamin Ummenhofer and Thomas Brox",
  title        = "{DeepTAM}: Deep Tracking and Mapping",
  booktitle    = eccv,
  year         = "2018",
  month = sep,
}  % September

@article{Yao2018,
  title={{MVSNet}: Depth Inference for Unstructured Multi-view Stereo},
  author={Yao, Yao and Luo, Zixin and Li, Shiwei and Fang, Tian and Quan, Long},
  journal=eccv,
  year={2018},
  month=sep
}  % September

@article{Yao2019,
  title={Recurrent MVSNet for High-resolution Multi-view Stereo Depth Inference},
  author={Yao, Yao and Luo, Zixin and Li, Shiwei and Shen, Tianwei and Fang, Tian and Quan, Long},
  journal=cvpr,
  year={2019}
}

@article{Ranftl2020,
	author    = {Ren\'{e} Ranftl and Katrin Lasinger and David Hafner and Konrad Schindler and Vladlen Koltun},
	title     = {Towards Robust Monocular Depth Estimation: Mixing Datasets for Zero-shot Cross-dataset Transfer},
	journal   = {IEEE Transactions on Pattern Analysis and Machine Intelligence (TPAMI)},
	year      = {2020},
}

@article{Yao2020,
  title={{BlendedMVS}: A Large-scale Dataset for Generalized Multi-view Stereo Networks},
  author={Yao, Yao and Luo, Zixin and Li, Shiwei and Zhang, Jingyang and Ren, Yufan and Zhou, Lei and Fang, Tian and Quan, Long},
  journal=cvpr,
  year={2020}
}

@inproceedings{Wimbauer2021,
 title = {MonoRec: Semi-Supervised Dense Reconstruction in Dynamic Environments from a Single Moving Camera},
 author = {F. Wimbauer and N. Yang and L. von Stumberg and N. Zeller and D Cremers},
 booktitle = cvpr,
 year = {2021},
}  % june

@inproceedings{dosovitskiy2015flownet,
  title={Flownet: Learning optical flow with convolutional networks},
  author={Dosovitskiy, Alexey and Fischer, Philipp and Ilg, Eddy and Hausser, Philip and Hazirbas, Caner and Golkov, Vladimir and Van Der Smagt, Patrick and Cremers, Daniel and Brox, Thomas},
  booktitle=iccv,
  year={2015}
}

@inproceedings{ilg2017flownet,
  title={Flownet 2.0: Evolution of optical flow estimation with deep networks},
  author={Ilg, Eddy and Mayer, Nikolaus and Saikia, Tonmoy and Keuper, Margret and Dosovitskiy, Alexey and Brox, Thomas},
  booktitle=cvpr,
  year={2017}
}

@inproceedings{Weerasekera2018,
  title={Learning deeply supervised good features to match for dense monocular reconstruction},
  author={Weerasekera, Chamara Saroj and Garg, Ravi and Latif, Yasir and Reid, Ian},
  booktitle=accv,
  year={2018},
}


@inproceedings{Teed2020Raft,
  title={{RAFT}: Recurrent all-pairs field transforms for optical flow},
  author={Teed, Zachary and Deng, Jia},
  booktitle=eccv,
  year={2020},
  organization={Springer}
}

@article{Teed2020Deepv2d,
  author    = {Zachary Teed and
               Jia Deng},
  title     = {{DeepV2D}: Video to Depth with Differentiable Structure from Motion},
  journal   = iclr,
  year = 2020,
}

@article{Zhang2020,
	title={Visibility-aware Multi-view Stereo Network},
	author={Zhang, Jingyang and Yao, Yao and Li, Shiwei and Luo, Zixin and Fang, Tian},
	journal= bmvc,
	year={2020}
}

@inproceedings{hur2019iterative,
  title={Iterative residual refinement for joint optical flow and occlusion estimation},
  author={Hur, Junhwa and Roth, Stefan},
  booktitle=cvpr,
  year={2019}
}

@inproceedings{sun2018pwc,
  title={Pwc-net: Cnns for optical flow using pyramid, warping, and cost volume},
  author={Sun, Deqing and Yang, Xiaodong and Liu, Ming-Yu and Kautz, Jan},
  booktitle=cvpr,
  year={2018}
}


@inproceedings{pang2017cascade,
  title={Cascade residual learning: A two-stage convolutional neural network for stereo matching},
  author={Pang, Jiahao and Sun, Wenxiu and Ren, Jimmy SJ and Yang, Chengxi and Yan, Qiong},
  booktitle=iccv,
  year={2017}
}

@inproceedings{kendall2017end,
  title={End-to-end learning of geometry and context for deep stereo regression},
  author={Kendall, Alex and Martirosyan, Hayk and Dasgupta, Saumitro and Henry, Peter and Kennedy, Ryan and Bachrach, Abraham and Bry, Adam},
  booktitle=iccv,
  year={2017}
}

@inproceedings{chang2018pyramid,
  title={Pyramid stereo matching network},
  author={Chang, Jia-Ren and Chen, Yong-Sheng},
  booktitle=cvpr,
  year={2018}
}

@inproceedings{khamis2018stereonet,
  title={Stereonet: Guided hierarchical refinement for real-time edge-aware depth prediction},
  author={Khamis, Sameh and Fanello, Sean and Rhemann, Christoph and Kowdle, Adarsh and Valentin, Julien and Izadi, Shahram},
  booktitle=eccv,
  year={2018}
}

@inproceedings{guo2019group,
  title={Group-wise correlation stereo network},
  author={Guo, Xiaoyang and Yang, Kai and Yang, Wukui and Wang, Xiaogang and Li, Hongsheng},
  booktitle=cvpr,
  year={2019}
}

@InProceedings{Yang2020,
    author = {Yang, Jiayu and Mao, Wei and Alvarez, Jose M. and Liu, Miaomiao},
    title = {Cost Volume Pyramid Based Depth Inference for Multi-View Stereo},
    booktitle = cvpr,
    month = {June},
    year = {2020}
}

@misc{Wang2020,
      title={{PatchmatchNet}: Learned Multi-View Patchmatch Stereo}, 
      author={Fangjinhua Wang and Silvano Galliani and Christoph Vogel and Pablo Speciale and Marc Pollefeys},
      journal=cvpr,
      year={2021}
}

@inproceedings{Gu2020,
  title={Cascade Cost Volume for High-Resolution Multi-View Stereo and Stereo Matching},
  author={Gu, Xiaodong and Fan, Zhiwen and Zhu, Siyu and Dai, Zuozhuo and Tan, Feitong and Tan, Ping},
  booktitle=cvpr,
  year={2020}
}

@inproceedings{Yu2020,
  author    = {Zehao Yu and Shenghua Gao},
  title     = {{Fast-MVSNet}: Sparse-to-Dense Multi-View Stereo With Learned Propagation and Gauss-Newton Refinement},
  booktitle = cvpr,
  year      = {2020}
}

@article{Xu2020,
  title={{PVSNet}: Pixelwise visibility-aware multi-view stereo network},
  author={Xu, Qingshan and Tao, Wenbing},
  journal={arXiv preprint arXiv:2007.07714},
  year={2020}
}

@inproceedings{Yang2022,
  title={{MVS2D}: Efficient multi-view stereo via attention-driven 2d convolutions},
  author={Yang, Zhenpei and Ren, Zhile and Shan, Qi and Huang, Qixing},
  booktitle=cvpr,
  year={2022}
}

@inproceedings{Ji_2017,
    doi = {10.1109/iccv.2017.253},  
    url = {https://doi.org/10.1109%2Ficcv.2017.253},
    year = 2017,
    month = {oct},
    publisher = {{IEEE}
},
  author = {Mengqi Ji and Juergen Gall and Haitian Zheng and Yebin Liu and Lu Fang},
  title = {{SurfaceNet}: An End-to-End 3D Neural Network for Multiview Stereopsis},
  booktitle = {2017 {IEEE} International Conference on Computer Vision ({ICCV})}
}

@misc{kar2017learning,
      title={Learning a Multi-View Stereo Machine}, 
      author={Abhishek Kar and Christian HÃ¤ne and Jitendra Malik},
      year={2017},
      eprint={1708.05375},
      archivePrefix={arXiv},
      primaryClass={cs.CV}
}

@InProceedings{10.1007/11744023_32,
author="Bay, Herbert
and Tuytelaars, Tinne
and Van Gool, Luc",
editor="Leonardis, Ale{\v{s}}
and Bischof, Horst
and Pinz, Axel",
title="SURF: Speeded Up Robust Features",
booktitle="Computer Vision -- ECCV 2006",
year="2006",
publisher="Springer Berlin Heidelberg",
address="Berlin, Heidelberg",
pages="404--417",
abstract="In this paper, we present a novel scale- and rotation-invariant interest point detector and descriptor, coined SURF (Speeded Up Robust Features). It approximates or even outperforms previously proposed schemes with respect to repeatability, distinctiveness, and robustness, yet can be computed and compared much faster.",
isbn="978-3-540-33833-8"
}

@inproceedings{lowe1999object,
  title={Object recognition from local scale-invariant features},
  author={Lowe, David G},
  booktitle={Proceedings of the seventh IEEE international conference on computer vision},
  volume={2},
  pages={1150--1157},
  year={1999},
  organization={Ieee}
}

@inproceedings{rublee2011,
author = {Rublee, Ethan and Rabaud, Vincent and Konolige, Kurt and Bradski, Gary},
year = {2011},
month = {11},
pages = {2564-2571},
title = {ORB: an efficient alternative to SIFT or SURF},
journal = {Proceedings of the IEEE International Conference on Computer Vision},
doi = {10.1109/ICCV.2011.6126544}
}

@misc{ronneberger2015unet,
      title={U-Net: Convolutional Networks for Biomedical Image Segmentation}, 
      author={Olaf Ronneberger and Philipp Fischer and Thomas Brox},
      year={2015},
      eprint={1505.04597},
      archivePrefix={arXiv},
      primaryClass={cs.CV}
}

@misc{he2015deep,
      title={Deep Residual Learning for Image Recognition}, 
      author={Kaiming He and Xiangyu Zhang and Shaoqing Ren and Jian Sun},
      year={2015},
      eprint={1512.03385},
      archivePrefix={arXiv},
      primaryClass={cs.CV}
}

@misc{simonyan2015deep,
      title={Very Deep Convolutional Networks for Large-Scale Image Recognition}, 
      author={Karen Simonyan and Andrew Zisserman},
      year={2015},
      eprint={1409.1556},
      archivePrefix={arXiv},
      primaryClass={cs.CV}
}

@misc{dosovitskiy2021image,
      title={An Image is Worth 16x16 Words: Transformers for Image Recognition at Scale}, 
      author={Alexey Dosovitskiy and Lucas Beyer and Alexander Kolesnikov and Dirk Weissenborn and Xiaohua Zhai and Thomas Unterthiner and Mostafa Dehghani and Matthias Minderer and Georg Heigold and Sylvain Gelly and Jakob Uszkoreit and Neil Houlsby},
      year={2021},
      eprint={2010.11929},
      archivePrefix={arXiv},
      primaryClass={cs.CV}
}

@misc{schroeppel2022benchmark,
      title={A Benchmark and a Baseline for Robust Multi-view Depth Estimation}, 
      author={Philipp SchrÃ¶ppel and Jan Bechtold and Artemij Amiranashvili and Thomas Brox},
      year={2022},
      eprint={2209.06681},
      archivePrefix={arXiv},
      primaryClass={cs.CV}
}

@article{lecun1997,
author = {Bengio, Y. and Lecun, Yann},
year = {1997},
month = {11},
title = {Convolutional Networks for Images, Speech, and Time-Series}
}

@misc{newell2016stacked,
      title={Stacked Hourglass Networks for Human Pose Estimation}, 
      author={Alejandro Newell and Kaiyu Yang and Jia Deng},
      year={2016},
      eprint={1603.06937},
      archivePrefix={arXiv},
      primaryClass={cs.CV}
}

@misc{paschalidou2019raynet,
      title={RayNet: Learning Volumetric 3D Reconstruction with Ray Potentials}, 
      author={Despoina Paschalidou and Ali Osman Ulusoy and Carolin Schmitt and Luc van Gool and Andreas Geiger},
      year={2019},
      eprint={1901.01535},
      archivePrefix={arXiv},
      primaryClass={cs.CV}
}

@book{Szeliski2010book,
author = {Szeliski, Richard},
title = {Computer Vision: Algorithms and Applications},
year = {2010},
isbn = {1848829345},
publisher = {Springer-Verlag},
address = {Berlin, Heidelberg},
edition = {1st},
}

@INPROCEEDINGS{1467526,
  author={Hirschmuller, H.},
  booktitle={2005 IEEE Computer Society Conference on Computer Vision and Pattern Recognition (CVPR'05)}, 
  title={Accurate and efficient stereo processing by semi-global matching and mutual information}, 
  year={2005},
  volume={2},
  number={},
  pages={807-814 vol. 2},
  doi={10.1109/CVPR.2005.56}}
@misc{cao2022mvsformer,
      title={MVSFormer: Multi-View Stereo by Learning Robust Image Features and Temperature-based Depth}, 
      author={Chenjie Cao and Xinlin Ren and Yanwei Fu},
      year={2022},
      eprint={2208.02541},
      archivePrefix={arXiv},
      primaryClass={cs.CV}
}
@misc{yu2016multiscale,
      title={Multi-Scale Context Aggregation by Dilated Convolutions}, 
      author={Fisher Yu and Vladlen Koltun},
      year={2016},
      eprint={1511.07122},
      archivePrefix={arXiv},
      primaryClass={cs.CV}
}
@incollection{He_2014,
	doi = {10.1007/978-3-319-10578-9_23},
	url = {https://doi.org/10.1007%2F978-3-319-10578-9_23},
	year = 2014,
	publisher = {Springer International Publishing},  
	pages = {346--361},  
	author = {Kaiming He and Xiangyu Zhang and Shaoqing Ren and Jian Sun},  
	title = {Spatial Pyramid Pooling in Deep Convolutional Networks for Visual Recognition},
	booktitle = {Computer Vision {\textendash} {ECCV} 2014}
}
@misc{lin2017feature,
      title={Feature Pyramid Networks for Object Detection}, 
      author={Tsung-Yi Lin and Piotr DollÃ¡r and Ross Girshick and Kaiming He and Bharath Hariharan and Serge Belongie},
      year={2017},
      eprint={1612.03144},
      archivePrefix={arXiv},
      primaryClass={cs.CV}
}
@misc{yang2019hierarchical,
      title={Hierarchical Deep Stereo Matching on High-resolution Images}, 
      author={Gengshan Yang and Joshua Manela and Michael Happold and Deva Ramanan},
      year={2019},
      eprint={1912.06704},
      archivePrefix={arXiv},
      primaryClass={cs.CV}
}

@misc{shen2021cfnet,
      title={CFNet: Cascade and Fused Cost Volume for Robust Stereo Matching}, 
      author={Zhelun Shen and Yuchao Dai and Zhibo Rao},
      year={2021},
      eprint={2104.04314},
      archivePrefix={arXiv},
      primaryClass={cs.CV}
}

@article{Zhang2019GANetGA,
  title={GA-Net: Guided Aggregation Net for End-To-End Stereo Matching},
  author={Feihu Zhang and Victor Adrian Prisacariu and Ruigang Yang and Philip H. S. Torr},
  journal={2019 IEEE/CVF Conference on Computer Vision and Pattern Recognition (CVPR)},
  year={2019},
  pages={185-194},
  url={https://api.semanticscholar.org/CorpusID:119304432}
}
@misc{cheng2020deep,
      title={Deep Stereo using Adaptive Thin Volume Representation with Uncertainty Awareness}, 
      author={Shuo Cheng and Zexiang Xu and Shilin Zhu and Zhuwen Li and Li Erran Li and Ravi Ramamoorthi and Hao Su},
      year={2020},
      eprint={1911.12012},
      archivePrefix={arXiv},
      primaryClass={cs.CV}
}

@misc{xu2020aanet,
      title={AANet: Adaptive Aggregation Network for Efficient Stereo Matching}, 
      author={Haofei Xu and Juyong Zhang},
      year={2020},
      eprint={2004.09548},
      archivePrefix={arXiv},
      primaryClass={cs.CV}
}

@misc{peng2022rethinking,
      title={Rethinking Depth Estimation for Multi-View Stereo: A Unified Representation}, 
      author={Rui Peng and Rongjie Wang and Zhenyu Wang and Yawen Lai and Ronggang Wang},
      year={2022},
      eprint={2201.01501},
      archivePrefix={arXiv},
      primaryClass={cs.CV}
}
@article{Laga_2022,
	doi = {10.1109/tpami.2020.3032602},
	url = {https://doi.org/10.1109%2Ftpami.2020.3032602},
	year = 2022,
	month = {apr},
	publisher = {Institute of Electrical and Electronics Engineers ({IEEE})},
	volume = {44},
	number = {4},
	pages = {1738--1764},
	author = {Hamid Laga and Laurent Valentin Jospin and Farid Boussaid and Mohammed Bennamoun},
	title = {A Survey on Deep Learning Techniques for Stereo-Based Depth Estimation},
	journal = {{IEEE} Transactions on Pattern Analysis and Machine Intelligence}
}
@article{Collins1996ASA,
  title={A space-sweep approach to true multi-image matching},
  author={Robert T. Collins},
  journal={Proceedings CVPR IEEE Computer Society Conference on Computer Vision and Pattern Recognition},
  year={1996},
  pages={358-363},
  url={https://api.semanticscholar.org/CorpusID:11008141}
}
@misc{im2019dpsnet,
      title={DPSNet: End-to-end Deep Plane Sweep Stereo}, 
      author={Sunghoon Im and Hae-Gon Jeon and Stephen Lin and In So Kweon},
      year={2019},
      eprint={1905.00538},
      archivePrefix={arXiv},
      primaryClass={cs.CV}
}
@misc{caron2021emerging,
      title={Emerging Properties in Self-Supervised Vision Transformers}, 
      author={Mathilde Caron and Hugo Touvron and Ishan Misra and HervÃ© JÃ©gou and Julien Mairal and Piotr Bojanowski and Armand Joulin},
      year={2021},
      eprint={2104.14294},
      archivePrefix={arXiv},
      primaryClass={cs.CV}
}
@misc{zhu2021deep,
      title={Deep Learning for Multi-View Stereo via Plane Sweep: A Survey}, 
      author={Qingtian Zhu and Chen Min and Zizhuang Wei and Yisong Chen and Guoping Wang},
      year={2021},
      eprint={2106.15328},
      archivePrefix={arXiv},
      primaryClass={cs.CV}
}
@misc{ranftl2021vision,
      title={Vision Transformers for Dense Prediction}, 
      author={RenÃ© Ranftl and Alexey Bochkovskiy and Vladlen Koltun},
      year={2021},
      eprint={2103.13413},
      archivePrefix={arXiv},
      primaryClass={cs.CV}
}
@misc{lin2014network,
      title={Network In Network}, 
      author={Min Lin and Qiang Chen and Shuicheng Yan},
      year={2014},
      eprint={1312.4400},
      archivePrefix={arXiv},
      primaryClass={cs.NE}
}
@misc{szegedy2014going,
      title={Going Deeper with Convolutions}, 
      author={Christian Szegedy and Wei Liu and Yangqing Jia and Pierre Sermanet and Scott Reed and Dragomir Anguelov and Dumitru Erhan and Vincent Vanhoucke and Andrew Rabinovich},
      year={2014},
      eprint={1409.4842},
      archivePrefix={arXiv},
      primaryClass={cs.CV}
}

@article{amir2021deep,
    author    = {Shir Amir and Yossi Gandelsman and Shai Bagon and Tali Dekel},
    title     = {Deep ViT Features as Dense Visual Descriptors},
    journal   = {arXiv preprint arXiv:2112.05814},
    year      = {2021}
}

@InProceedings{GeoMVSNet,
    title     = {GeoMVSNet: Learning Multi-View Stereo With Geometry Perception},
    author    = {Zhang, Zhe and Peng, Rui and Hu, Yuxi and Wang, Ronggang},
    booktitle = {Proceedings of the IEEE/CVF Conference on Computer Vision and Pattern Recognition (CVPR)},
    month     = {June},
    year      = {2023},
    pages     = {21508-21518}
}